%% This BibTeX bibliography file was created using BibDesk.
%% http://bibdesk.sourceforge.net/


%% Created for Peter Castine at 2014-12-18 16:14:30 +0100 


%% Saved with string encoding Unicode (UTF-8) 



@misc{Ano08,
	Author = {Anonymous},
	Note = {\emph{Reference suppressed for anonymity during peer review}},
	Year = {2008}}

@article{AtDa04,
	Author = {Atig, M. and Dalmont, J.-P. and Gilbert, J.},
	Journal = {Comptes Rendus M\'{e}canique},
	Pages = {299--304},
	Title = {Termination Impedance of Open-Ended Cylindrical Tubes at High Sound Pressure Level},
	Volume = {332},
	Year = {2004}}

@book{Bele68,
	Address = {San Francisco},
	Author = {Belevitch, V.},
	Publisher = {Holden Day},
	Title = {Classical Network Theory},
	Year = {1968}}

@article{VeRo00,
	Author = {Vergez, C. and Rodet, X.},
	Journal = {Journal of Signal Processing},
	Pages = {79--88},
	Title = {A New Algorithm for Nonlinear Propagation of Sound Waves: Application to a Physical Model of a Trumpet},
	Volume = {4},
	Year = {2000}}

@article{Zica02,
	Author = {Zicarelli, D.},
	Journal = {Computer Music Journal},
	Number = {4},
	Pages = {44--51},
	Title = {How I Learned to Love a Program That Does Nothing},
	Volume = {26},
	Year = {2000}}

@inproceedings{Ther99,
	Author = {Theremin, L.},
	Booktitle = {Proceedings of the International Computer Music Conference},
	Date-Modified = {2014-12-18 15:14:29 +0000},
	Pages = {1-2},
	Title = {How To Build a Theremin},
	Year = {1999}}
